@book{Amari,
author = {Shun-ichi Amari,Hiroshi Nagaoka},
title = {Methods of information geometry},
year = {1993},
publisher= {Oxford University Press}
}

@article{Amari1994,
    author  = "Shun-ichi Amari",
    title   = "Information geometry of the EM and em algorithm for neural networks",
    year    = "1994",
    journal = "Neural Networks",
    volume  = "8",
    number  = "9",
    pages   = "1379-1408"
}

@article{Amari1998,
    author  = "Shun-ichi Amari",
    title   = "Natural gradient works efficiently in learning",
    year    = "1998",
    journal = "Neural Computation",
    volume  = "10",
    number  = "2",
    pages   = "251-276"
}

@book{Lee,
author = {Herbert Lee},
title = {Bayesian Nonparametrics via Neural Networks},
year = {2004},
publisher= {Society for industrial and applied mathematics}
}

@book{MinskyPapert,
author = {Marvin Minsky, Seymour Papert},
title = {Perceptrons},
year = {1969},
publisher= {MIT Press}
}

@article{Ollivier,
    author  = "Yann Ollivier",
    title   = "Riemanian metrics for neural networks",
    year    = "2013",
    journal = "Preprint",
    volume  = "",
    number  = "",
    pages   = ""
}

@book{Rosenblatt,
author = {Frank Rosenblatt},
title = {Principles of neurodynamics : perceptrons and the theory of brain mechanisms.},
year = {1962},
publisher= {Washington, Spartan Books}
}
