@book{Amari,
author = {Shun-ichi Amari,Hiroshi Nagaoka},
title = {Methods of information geometry},
year = {1993},
publisher= {Oxford University Press}
}

@article{Amari1994,
    author  = "Shun-ichi Amari",
    title   = "Information geometry of the EM and em algorithm for neural networks",
    year    = "1994",
    journal = "Neural Networks",
    volume  = "8",
    number  = "9",
    pages   = "1379-1408"
}

@article{Amari1998,
    author  = "Shun-ichi Amari",
    title   = "Natural gradient works efficiently in learning",
    year    = "1998",
    journal = "Neural Computation",
    volume  = "10",
    number  = "2",
    pages   = "251-276"
}

@article{Ollivier,
    author  = "Yann Ollivier",
    title   = "Riemanian metrics for neural networks",
    year    = "2013",
    journal = "Preprint",
    volume  = "",
    number  = "",
    pages   = ""
}


